@ARTICLE{1984,
   author = {Taam, R.~E. and Lin, D.~N.~C.},
    title = {{The evolution of the inner regions of viscous accretion disks surrounding neutron stars}},
  journal = {Astrophysical Journal},
 keywords = {Accretion Disks, Mass Flow Rate, Neutron Stars, Stellar Mass Accretion, Stellar Radiation, X Ray Sources, Black Holes (Astronomy), Gravitational Effects, Steady State, Viscosity},
     year = 1984,
    month = dec,
   volume = 287,
    pages = {761-768},
      doi = {10.1086/162734},
}
